@unpublished{skriptum,
	author={Hillebrand, Kurt},
	title={Datenbanken und Informationssysteme},
	note={Skriptum das im DBI-Unterricht an der HTBLuVA Wiener Neustadt verwendet wird}
}

@misc{graphml,
	author = {GraphML Working Group, },
	title = {The GraphML File Format},
	url = {http://graphml.graphdrawing.org},
	year = {2007}
}

@misc{graphmltutorial,
	author = {Brandes, Ulrik and Eiglsperger, Markus and Lerner, Jürgen },
	title = {GraphML Primer},
	url = {http://graphml.graphdrawing.org/primer/graphml-primer.html},
}

@book{taschenbuch,
	author={Kudraß, Thomas},
	title={Taschenbuch Datenbanken},
	publisher={Carl Hanser Verlag},
	address={München},
	edition={2},
	year={2015},
	url={https://www.hanser-fachbuch.de/buch/Taschenbuch+Datenbanken/9783446435087},
	language={Deutsch}
}

@book{sqlDataModeling,
	author={Hills, Ted},
	title={NoSQL and SQL Data Modeling},
	publisher={Technics Publications},
	address={Basking Ridge, NJ 07920 USA},
	edition={1},
	year={2016},
	url={https://technicspub.com/nosql-modeling/},
	language={Englisch}
}

@manual{yEdManual,
	author={yWorks},
	title={yEd Graph Editor Manual},
	url={https://yed.yworks.com/support/manual/index.html},
	language={Englisch}
}

@online{JavaLibreOfficeProgramming,
	author={Dr. Andrew Davison},
	title={Java LibreOffice Programming},
	url={https://de.wikipedia.org/wiki/LibreOffice},
	language={Deutsch}
}

@online{LibreOfficeWikipedia,
	title={LibreOffice Wikipedia},
	url={https://fivedots.coe.psu.ac.th/~ad/jlop/},
	language={Englisch}
}

@online{LibreOffice,
	title={LibreOffice},
	url={https://de.libreoffice.org/},
	language={Deutsch}
}

@online{LibreOfficeAPI,
	title={LibreOffice API},
	url={https://api.libreoffice.org/},
	language={Deutsch}
}

@online{OpenOfficeDevelopersGuide,
	title={OpenOffice Developer's Guide},
	url={https://wiki.openoffice.org/w/images/d/d9/DevelopersGuide_OOo3.1.0.pdf},
	language={Englisch}
}



@inbook{semantischOnlineBuch,
	author={Prabhu, C.S.R},
	title={Object - Oriented Database Systems : Approaches and Architectures},
	publisher={PHI Learning Pvt. Ltd.},
	edition={3},
	year={2005},
	chapter="2.2.4",
	url={https://books.google.at/books?id=DBkM4XjKKw4C&hl=de&source=gbs_navlinks_s},
	language={Englisch}
}

@techreport{Beeler48,
	author={Beeler, De E. and Mayer, John P.},
	title={Measurement of the wing and tail loads during acceptance test of the {Bell}
	{XS-1} research airplane},
	institution={NASA Dryden Flight Research Center},
	year={1948},
	month=APR,
	address={Edwards, CA},
	number={NACA-RM-L7L12},
	url={www.dfrc.nasa.gov/DTRS/1948/index.html},
	language={english}
}

@inproceedings{Burger87,
	author={Burger, Wilhelm and Bhanu, Bir},
	title={Qualitative Motion Understanding},
	booktitle={Proceedings of the Intl.\ Joint Conference on Artificial Intelligence},
	year={1987},
	month=MAY,
	publisher={Morgan Kaufmann Publishers},
	address={San Francisco},
	pages={819-821},
	language={english}
}

@incollection{Ears99,
	author={Burge, Mark and Burger, Wilhelm},
	title={Ear Biometrics},
	booktitle={Biometrics: Personal Identification in Networked Society},
	publisher={Kluwer Academic Publishers},
	year={1999},
	address={Boston},
	editor={Jain, Anil K. and Bolle Ruud and Pankanti Sharath},
	chapter={13},
	pages={273-285},
	language={english}
}

@phdthesis{Eberl87,
	author={Eberl, Gerhard},
	title={Automatischer Landeanflug durch Rechnersehen},
	school={Universität der Bundeswehr, Fakultät für Raum- und Luftfahrttechnik},
	year={1987},
	month=AUG,
	address={München},
	language={german}
}

@manual{Braams2008,
	author={Braams, Johannes},
	title={Babel, a multilingual package for use with {LaTeX}'s standard document classes},
	month=APR,
	year={2008},
	url={www.ctan.org/tex-archive/macros/latex/required/babel/},
	language={english}
}

@article{Mermin89,
	author={Mermin, N. David},
	title={What's wrong with these equations?},
	journal={Physics Today},
	volume={42},
	number={10},
	year={1989},
	pages={9-11},
	doi={10.1063/1.2811173},
	language={english}
}

@book{Higham98,
	author={Higham, Nicholas J.},
	title={Handbook of Writing for the Mathematical Sciences},
	publisher={Society for Industrial and Applied Mathematics (SIAM)},
	address={Philadelphia},
	edition={2},
	year={1998},
	url={www.maths.manchester.ac.uk/~higham/hwms/},
	language={english}
}


@mastersthesis{Lugmayr07,
	author={Lugmayr, Martin},
	title={Abfragesprachen für {RDF} im Umfeld des "`Semantic Web"'},
	school={Digitale Medien; FH Oberösterreich -- Fakultät für Informatik, Kommunikation und Medien},
	year={2007},
	address={Hagenberg, Austria},
	language={german}
}

@misc{DIN9241-110,
	publisher = {Europäisches Kommittee für Normung},
	title = {Ergonomie der Mensch-System-Interaktion: Teil 110 Grundsätze der Dialoggestaltung},
	howpublished = {DIN 9241-110},
	key = {DIN 9241-110},
	year = 2006,
	language={german}
}

@online{ausarbeitung_xml,
	title = {ausarbeitung1.pdf},
	url = {http://wwwlgis.informatik.uni-kl.de/archiv/wwwdvs.informatik.uni-kl.de/courses/seminar/WS0203/ausarbeitung1.pdf},
	urldate = {2019-04-04},
	file = {ausarbeitung1.pdf:/home/andi/Zotero/storage/6C8ND3Y9/ausarbeitung1.pdf:application/pdf}
}

@online{noauthor_dot.1.pdf_nodate,
	title = {dot.1.pdf},
	url = {https://graphviz.gitlab.io/_pages/pdf/dot.1.pdf},
	urldate = {2019-03-19},
	file = {dot.1.pdf:C\:\\Users\\FischbacherBerndt5BH\\Zotero\\storage\\QU5G8PM9\\dot.1.pdf:application/pdf}
}

@online{noauthor_dotguide.pdf_nodate,
	title = {dotguide.pdf},
	url = {https://graphviz.gitlab.io/_pages/pdf/dotguide.pdf},
	urldate = {2019-03-19},
	file = {dotguide.pdf:C\:\\Users\\FischbacherBerndt5BH\\Zotero\\storage\\MVWJBG3C\\dotguide.pdf:application/pdf}
}

@online{noauthor_download_nodate,
	title = {Download Python},
	url = {https://www.python.org/downloads/},
	abstract = {The official home of the Python Programming Language},
	titleaddon = {Python.org},
	urldate = {2019-03-14},
	langid = {english},
	file = {Snapshot:C\:\\Users\\FischbacherBerndt5BH\\Zotero\\storage\\BVK6CVX2\\downloads.html:text/html}
}

@article{north_drawing_2004,
	title = {Drawing graphs with {NEATO}},
	abstract = {{NEATO} is a program that makes layouts of undirected graphs following the ﬁlter model of {DOT}. Its layout heuristic creates virtual physical models and runs an iterative solver to ﬁnd low energy conﬁgurations. The intended applications are in telecommunication networks, computer programming and software engineering. Here is an example layout depicting an entity-relationship database schema. It took 0.01 seconds of user time to generate on a garden variety {PC} running Linux.},
	pages = {11},
	author = {North, Stephen C},
	date = {2004},
	langid = {english},
	file = {North - 2004 - Drawing graphs with NEATO.pdf:C\:\\Users\\FischbacherBerndt5BH\\Zotero\\storage\\UDRAIZUD\\North - 2004 - Drawing graphs with NEATO.pdf:application/pdf}
}

@online{noauthor_examples_nodate,
	title = {Examples — graphviz 0.10.1 documentation},
	url = {https://graphviz.readthedocs.io/en/stable/examples.html},
	urldate = {2019-03-19},
	file = {Examples — graphviz 0.10.1 documentation:C\:\\Users\\FischbacherBerndt5BH\\Zotero\\storage\\NZZRWR88\\examples.html:text/html}
}

@online{noauthor_features_nodate,
	title = {Features - {PyCharm}},
	url = {https://www.jetbrains.com/pycharm/features/},
	abstract = {Python and Django {IDE} with refactorings, code completion, on-the-fly code analysis and coding productivity orientation},
	titleaddon = {{JetBrains}},
	urldate = {2019-03-19},
	file = {Snapshot:C\:\\Users\\FischbacherBerndt5BH\\Zotero\\storage\\KX7U9953\\features.html:text/html}
}

@online{noauthor_general_nodate,
	title = {General Python {FAQ} — Python 3.7.3rc1 documentation},
	url = {https://docs.python.org/3/faq/general.html#why-is-it-called-python},
	urldate = {2019-03-14},
	file = {General Python FAQ — Python 3.7.3rc1 documentation:C\:\\Users\\FischbacherBerndt5BH\\Zotero\\storage\\S3SBFZXJ\\general.html:text/html}
}

@inreference{noauthor_git_2019,
	title = {Git},
	rights = {Creative Commons Attribution-{ShareAlike} License},
	url = {https://de.wikipedia.org/w/index.php?title=Git&oldid=185356278},
	abstract = {Git [ɡɪt] ist eine freie Software zur verteilten Versionsverwaltung von Dateien, die durch Linus Torvalds initiiert wurde.},
	booktitle = {Wikipedia},
	urldate = {2019-03-19},
	date = {2019-02-03},
	langid = {german},
	note = {Page Version {ID}: 185356278},
	file = {Snapshot:C\:\\Users\\FischbacherBerndt5BH\\Zotero\\storage\\9TRSIVK9\\index.html:text/html}
}

@online{noauthor_graphics_nodate,
	title = {graphics - How to programmatically draw an organization chart?},
	url = {https://stackoverflow.com/questions/8983834/how-to-programmatically-draw-an-organization-chart},
	titleaddon = {Stack Overflow},
	urldate = {2019-03-19},
	file = {Snapshot:C\:\\Users\\FischbacherBerndt5BH\\Zotero\\storage\\JK7L89G8\\how-to-programmatically-draw-an-organization-chart.html:text/html}
}

@online{graphviz_nodate,
	title = {Graphviz - Graph Visualization Software},
	url = {https://www.graphviz.org/},
	urldate = {2019-03-19},
	file = {Graphviz - Graph Visualization Software:C\:\\Users\\FischbacherBerndt5BH\\Zotero\\storage\\NM6HDS23\\www.graphviz.org.html:text/html}
}

@online{noauthor_history_nodate,
	title = {History and License — Python 3.7.3rc1 documentation},
	url = {https://docs.python.org/3/license.html},
	urldate = {2019-03-14},
	file = {History and License — Python 3.7.3rc1 documentation:C\:\\Users\\FischbacherBerndt5BH\\Zotero\\storage\\AADLE53H\\license.html:text/html}
}

@online{noauthor_integrateddevelopmentenvironments_nodate,
	title = {{IntegratedDevelopmentEnvironments} - Python Wiki},
	url = {https://wiki.python.org/moin/IntegratedDevelopmentEnvironments},
	urldate = {2019-03-19},
	file = {IntegratedDevelopmentEnvironments - Python Wiki:C\:\\Users\\FischbacherBerndt5BH\\Zotero\\storage\\X4M3TEKF\\IntegratedDevelopmentEnvironments.html:text/html}
}

@online{noauthor_performance_nodate,
	title = {performance - Graphviz sfdp inferior in ubuntu comparing to mac?},
	url = {https://stackoverflow.com/questions/9952097/graphviz-sfdp-inferior-in-ubuntu-comparing-to-mac},
	titleaddon = {Stack Overflow},
	urldate = {2019-03-19},
	file = {Snapshot:C\:\\Users\\FischbacherBerndt5BH\\Zotero\\storage\\4J6BQZVC\\graphviz-sfdp-inferior-in-ubuntu-comparing-to-mac.html:text/html}
}

@online{noauthor_previous_nodate,
	title = {Previous Releases - {PyCharm}},
	url = {https://www.jetbrains.com/pycharm/download/previous.html},
	abstract = {Intelligent Python {IDE} with refactorings, debugger, code completion, on-the-fly code analysis and coding productivity orientation},
	titleaddon = {{JetBrains}},
	urldate = {2019-03-19},
	file = {Snapshot:C\:\\Users\\FischbacherBerndt5BH\\Zotero\\storage\\Q7PAAZ6P\\previous.html:text/html}
}

@online{noauthor_pycharm_nodate,
	title = {{PyCharm} Blog},
	url = {https://blog.jetbrains.com/pycharm/},
	abstract = {{PyCharm} — Python {IDE} for Professional Developers},
	titleaddon = {{PyCharm} Blog},
	urldate = {2019-03-19},
	langid = {american},
	file = {Snapshot:C\:\\Users\\FischbacherBerndt5BH\\Zotero\\storage\\WHXDX2NE\\pycharm.html:text/html}
}

@online{noauthor_pycharm:_nodate,
	title = {{PyCharm}: the Python {IDE} for Professional Developers by {JetBrains}},
	url = {https://www.jetbrains.com/pycharm/},
	shorttitle = {{PyCharm}},
	abstract = {The Python \& Django {IDE} with intelligent code completion, on-the-fly error checking, quick-fixes, and much more...},
	titleaddon = {{JetBrains}},
	urldate = {2019-03-19},
	file = {Snapshot:C\:\\Users\\FischbacherBerndt5BH\\Zotero\\storage\\TRPVYY7V\\pycharm.html:text/html}
}

@inreference{noauthor_python_2019,
	title = {Python (Programmiersprache)},
	rights = {Creative Commons Attribution-{ShareAlike} License},
	url = {https://de.wikipedia.org/w/index.php?title=Python_(Programmiersprache)&oldid=186502024},
	abstract = {Python ([ˈpʰaɪθn̩], [ˈpʰaɪθɑn], auf Deutsch auch [ˈpʰyːtɔn]) ist eine universelle, üblicherweise interpretierte höhere Programmiersprache. Sie hat den Anspruch, einen gut lesbaren, knappen Programmierstil zu fördern. So werden beispielsweise Blöcke nicht durch geschweifte Klammern, sondern durch Einrückungen strukturiert. Wegen seiner klaren und übersichtlichen Syntax gilt Python als einfach zu erlernen.
	Python unterstützt mehrere Programmierparadigmen, z. B. die objektorientierte, die aspektorientierte und die funktionale Programmierung. Ferner bietet es eine dynamische Typisierung. Wie viele dynamische Sprachen wird Python oft als Skriptsprache genutzt.
	Die Sprache weist ein offenes, gemeinschaftsbasiertes Entwicklungsmodell auf, das durch die gemeinnützige Python Software Foundation gestützt wird, die de facto die Definition der Sprache in der Referenzumsetzung {CPython} pflegt.},
	booktitle = {Wikipedia},
	urldate = {2019-03-14},
	date = {2019-03-12},
	langid = {german},
	note = {Page Version {ID}: 186502024},
	file = {Snapshot:C\:\\Users\\FischbacherBerndt5BH\\Zotero\\storage\\RC58N22D\\index.html:text/html}
}

@online{noauthor_trac_nodate,
	title = {The Trac Project},
	url = {https://trac.edgewall.org/},
	urldate = {2019-03-19},
	file = {The Trac Project:C\:\\Users\\FischbacherBerndt5BH\\Zotero\\storage\\2IJ2AJ8I\\trac.edgewall.org.html:text/html}
}

@online{noauthor_output_nodate,
	title = {Output Formats},
	url = {https://graphviz.gitlab.io/_pages/doc/info/output.html#d:dot},
	urldate = {2019-04-03},
	file = {Output Formats:C\:\\Users\\FischbacherBerndt5BH\\Zotero\\storage\\BALMMQ9J\\output.html:text/html}
}


@online{graphviz_neato,
	title = {graphviz [dot and/or neato]},
	url = {http://www.adp-gmbh.ch/misc/tools/graphviz/index.html},
	urldate = {2019-04-03},
	file = {graphviz [dot and/or neato]:C\:\\Users\\FischbacherBerndt5BH\\Zotero\\storage\\T36VHEIC\\index.html:text/html}
}

@online{Making_Pictures_With_GNU,
title = {Making Pictures With {GNU} {PIC}},
url = {https://www.complang.tuwien.ac.at/doc/groff/html/pic.html},
urldate = {2019-04-04},
file = {Making Pictures With GNU PIC:/home/andi/Zotero/storage/U42XTWVX/pic.html:text/html}
}

@online{graphviz_visualization,
	title = {Graphviz - Graph Visualization Software},
	url = {https://www.graphviz.org/},
	urldate = {2019-04-04},
	file = {Graphviz - Graph Visualization Software:/home/andi/Zotero/storage/K8SDSTBM/www.graphviz.org.html:text/html}
}


@article{sphinx,
	title = {Sphinx Documentation},
	pages = {397},
	author = {Brandl, Georg},
	file = {Brandl - Sphinx Documentation.pdf:/home/andi/Zotero/storage/8MSJJLFI/Brandl - Sphinx Documentation.pdf:application/pdf}
}
